@MISC{modulos,
	HOWPUBLISHED = "\url{https://polyglot.readthedocs.io/en/latest/modules.html}",
	TITLE = "Downloading Models",
	NOTE = "Access in 15/04/2019"
}
@MISC{comparacoes,
	HOWPUBLISHED = "\url{https://medium.com/activewizards-machine-learning-company/comparison-of-top-6-python-nlp-libraries-c4ce160237eb}",
	TITLE = "Comparison of Top 6 Python NLP Libraries",
	NOTE = "Access in 14/04/2019"
}

@MISC{tokenization,
	HOWPUBLISHED = "\url{https://polyglot.readthedocs.io/en/latest/Tokenization.html}",
	TITLE = "Tokenization",
	NOTE = "Access in 14/04/2019"
}

@MISC{langdetect,
	HOWPUBLISHED = "\url{https://polyglot.readthedocs.io/en/latest/Detection.html}",
	TITLE = "Language Detection",
	NOTE = "Access in 14/04/2019"
}

@MISC{nae,
	HOWPUBLISHED = "\url{https://polyglot.readthedocs.io/en/latest/NamedEntityRecognition.html}",
	TITLE = "Named Entity Extraction",
	NOTE = "Access in 14/04/2019"
}

@MISC{post,
	HOWPUBLISHED = "\url{https://polyglot.readthedocs.io/en/latest/POS.html}",
	TITLE = "Part of Speech Tagging",
	NOTE = "Access in 14/04/2019"
}

@MISC{sent,
	HOWPUBLISHED = "\url{https://polyglot.readthedocs.io/en/latest/Sentiment.html}",
	TITLE = "Sentiment",
	NOTE = "Access in 14/04/2019"
}

@MISC{emb,
	HOWPUBLISHED = "\url{https://polyglot.readthedocs.io/en/latest/Embeddings.html}",
	TITLE = "Word Embeddings",
	NOTE = "Access in 14/04/2019"
}

@MISC{translit,
	HOWPUBLISHED = "\url{https://polyglot.readthedocs.io/en/latest/Transliteration.html}",
	TITLE = "Transliteration",
	NOTE = "Access in 14/04/2019"
}

@MISC{ma,
	HOWPUBLISHED = "\url{https://polyglot.readthedocs.io/en/latest/MorphologicalAnalysis.html}",
	TITLE = "Morphological Analysis",
	NOTE = "Access in 14/04/2019"
}



















